@report{lastyear, 
    author = "Tereza Burgetova and Joanne Ruth Imanuel", 
    title = "Maths Diagnostic Test Project", 
    year = "2017"
}

@article{taxonomy, 
    author = "Ellie Darlington", 
    title = "Contrasts in mathematical challenges in A-level Mathematics and Further Mathematics, and undergraduate mathematics examinations", 
    journal = "Teaching Mathematics and Its Applications ", 
    volume = "33", 
    year = "2014", 
    pages = "213-229", 
    doi = "10.1093/teamat/hru021"
}

@misc{statsyr2, 
    author = "Ruth King", 
    title = "MATH08051: Statistics (Year 2) Course Notes: 2015/16", 
    organization = "School of Mathematics, The University of Edinburgh", 
    year = "2015"
}

@article{ltm,
	author = "Dimitris Rizopoulos",
    title = "\texttt{ltm}: An \texttt{R} Package for Latent Variable Modeling and Item Response Theory Analyses",
    journal = "Journal of Statistical Software",
    volume = "17",
    number = "5", 
    year = "2006", 
    pages = "1-25",
    doi = "10.18637/jss.v017.i05"
}

@misc{VisualIRT, 
    author = "Ivailo Partchev", 
    title = "A visual guide to item response theory", 
    month = "February", 
    year = "2004", 
    url = "https://www.metheval.uni-jena.de/irt/VisualIRT.pdf"
}

@book{IRT,
	author = "Susan E. Embretson and Steven P. Reise",
    title = "Item Response Theory for Psychologists", 
    year = "2000",
    publisher = "Lawrence Erlbaum Associates", 
    location = "Mahwah, New Jersey"
}

@book{lvm, 
    author = "David J. Bartholomew and Fiona Steele and Jane Galbraith and Irini Moustaki", 
    title = "Analysis of Multivariate Social Science Data", 
    year = "2008", 
    publisher = "Chapman and Hall/CRC"
}

@article{bock, 
    author = "Steven P. Reise and Niels G. Waller", 
    title = "Fitting the Two-Parameter Model to Personality Data",
    journal = "Applied Psychological Measurement", 
    volume = "14", 
    year = "1990", 
    pages = "45-58", 
    doi = "10.1177/014662169001400105"
}

@article{irtequating, 
    author = "Michael G. Jodoin and Lisa A. Keller and H. Swaminathan", 
    title = "A Comparison of Linear, Fixed Common Item, and Concurrent Parameter Estimation Equating Procedures in Capturing Academic Growth", 
    journal = "The Journal of Experimental Education", 
    volume = "71", 
    number = "3", 
    year = "2003", 
    pages = "229-250",
    doi = "10.1080/00220970309602064"
}

@article{gpcmiic, 
    author = "Eiji Muraki", 
    title = "Information Functions of the Generalized Partial Credit Model", 
    journal = "Applied Psychological Measurement", 
    volume = "17", 
    number = "4", 
    year = "1993", 
    pages = "351-363", 
    doi = "10.1177/014662169301700403"
}

@article{mirt,
   author = "R. Philip Chalmers",
   title = "\texttt{mirt}: A Multidimensional Item Response Theory Package for the \texttt{R} Environment",
   journal = "Journal of Statistical Software",
   volume = "48",
   number = "6",
   year = "2012",
   pages = "1-29",
   doi = "10.18637/jss.v048.i06"
}

@article{polyiic, 
    author = "Fumiko Samejima", 
    title = "Normal Ogive Model on the Continuous Response Level in the Multidimensional Latent Space", 
    journal = "Psychometrika", 
    volume = "39", 
    number = "1", 
    pages = "111-121", 
    year = "1974", 
    doi = "10.1007/BF02291580"
}

@article{disx2, 
    author = "Maria Orlando and David Thissen", 
    title = "Likelihood-Based Item-Fit Indices for Dichotomous Item Response Theory Models", 
    journal = "Applied Psychological Measurement", 
    volume = "48", 
    number = "1", 
    pages = "50-64", 
    year = "2000", 
    doi = "10.1177/01466216000241003"
}

@article{polysx2, 
    author = "Taehoon Kang and Troy T. Chen", 
    title = "Performance of the Generalized S-X2 Item-Fit Index for Polytomous IRT Models", 
    journal = "Journal of Educational Measurement", 
    volume = "45", 
    number = "4", 
    pages = "391-406", 
    year = "2008", 
    doi = "10.1111/j.1745-3984.2008.00071.x"
}

@article{stackbar, 
    author = "Brent Bridgeman and Nancy Burton and Frederick Cline", 
    title = "A Note on Presenting What Predictive Validity Numbers Mean", 
    journal = "Applied Measurement in Education", 
    volume = "22", 
    number = "2", 
    pages = "109-119", 
    year = "2009", 
    doi = "10.1080/08957340902754577"
}

@article{ml, 
    author = "Farshid Marbouti and Heidi A. Diefes-Dux and Krishna Madhavan", 
    title = "Models for early prediction of at-risk students in a course using standards-based grading", 
    journal = "Computer \& Education", 
    volume = "103", 
    pages = "1-15", 
    year = "2016", 
    doi = "10.1016/j.compedu.2016.09.005"
}

@misc{NBassump, 
    author = "Harry Zhang", 
    title = "The Optimality of Naive Bayes", 
    howpublished = "Proceedings of the 17th International FLAIRS conference (FLAIRS2004)", 
    organization = "AAAI Press", 
    year = "2004"
}

@misc{web:efa, 
    author = "Preetish", 
    title = "Exploratory Factor Analysis in R", 
    month = "February", 
    year = "2017", 
    url = "https://www.promptcloud.com/blog/exploratory-factor-analysis-in-r/"
}

@misc{web:mdt, 
    title = "Improving the mathematics diagnostic test", 
    organization = "The University of Edinburgh", 
    month = "August", 
    year = "2017", 
    url = "https://www.ed.ac.uk/institute-academic-development/learning-teaching/funding/funding/previous-projects/year/march-2017/mathematics-diagnostic-test"
}

@misc{web:stack, 
    title = "STACK", 
    organization = "The University of Edinburgh", 
    url = "http://www.stack.ed.ac.uk/stack"
}

@article{ACClimit,
author = {Metz, C E},
doi = {10.1016/S0001-2998(78)80014-2},
journal = {Seminars in Nuclear Medicine},
number = {4},
pages = {283--298},
pmid = {112681},
title = {{Basic Principles of ROC Analysis}},
volume = {8},
year = {1978}
}

@article{cm,
author = {Fawcett, Tom},
doi = {10.1016/j.patrec.2005.10.010},
journal = {Pattern Recognition Letters},
number = {8},
pages = {861--874},
pmid = {9820922},
title = {{An Introduction to ROC Analysis}},
volume = {27},
year = {2006}
}

% WHAT ENTRY TYPES CAN BE ADDED (check the table): https://en.wikibooks.org/wiki/LaTeX/Bibliography_Management#Entry_and_field_types_in_.bib_files